<record><leader>00000cas a2200000 a 4500</leader><controlfield tag="001">16412272</controlfield><controlfield tag="008">870810c19769999wiuwr ne      0   a0eng c</controlfield><datafield ind1=" " ind2=" " tag="010"><subfield code="a">sn 87082830 </subfield></datafield><datafield ind1=" " ind2=" " tag="040"><subfield code="a">NPV</subfield><subfield code="b">eng</subfield><subfield code="c">NPV</subfield><subfield code="d">NSD</subfield><subfield code="d">NYS</subfield><subfield code="d">OCLCQ</subfield><subfield code="d">OCLCF</subfield><subfield code="d">OCLCO</subfield></datafield><datafield ind1=" " ind2=" " tag="012"><subfield code="m">1</subfield></datafield><datafield ind1="1" ind2=" " tag="022"><subfield code="a">0895-2817</subfield><subfield code="l">0895-2817</subfield><subfield code="2">1</subfield></datafield><datafield ind1="1" ind2=" " tag="029"><subfield code="a">AU@</subfield><subfield code="b">000020490739</subfield></datafield><datafield ind1=" " ind2=" " tag="032"><subfield code="a">525910</subfield><subfield code="b">USPS</subfield></datafield><datafield ind1=" " ind2=" " tag="032"><subfield code="a">460780</subfield><subfield code="b">USPS</subfield></datafield><datafield ind1=" " ind2=" " tag="042"><subfield code="a">pcc</subfield><subfield code="a">nsdp</subfield></datafield><datafield ind1=" " ind2=" " tag="043"><subfield code="a">n-us-wi</subfield></datafield><datafield ind1=" " ind2="4" tag="222"><subfield code="a">The Bay viewer</subfield></datafield><datafield ind1="0" ind2="4" tag="245"><subfield code="a">The Bay viewer.</subfield></datafield><datafield ind1=" " ind2=" " tag="260"><subfield code="a">Wauwatosa, Wis. :</subfield><subfield code="b">Community Newspapers Inc.</subfield></datafield><datafield ind1=" " ind2=" " tag="300"><subfield code="a">v. :</subfield><subfield code="b">ill. ;</subfield><subfield code="c">38 cm.</subfield></datafield><datafield ind1=" " ind2=" " tag="310"><subfield code="a">Weekly</subfield></datafield><datafield ind1="1" ind2=" " tag="362"><subfield code="a">Began in 1976?</subfield></datafield><datafield ind1=" " ind2=" " tag="500"><subfield code="a">Publisher: CNI Newspapers, &lt;Aug. 2, 2001-&gt;</subfield></datafield><datafield ind1=" " ind2=" " tag="500"><subfield code="a">Published in: Milwaukee, Wis., &lt;Aug. 2, 2001-&gt;</subfield></datafield><datafield ind1=" " ind2=" " tag="500"><subfield code="a">"Your complete local newspaper."</subfield></datafield><datafield ind1=" " ind2=" " tag="588"><subfield code="a">Description based on: 11th year, no. 31 (Aug. 6, 1987).</subfield></datafield><datafield ind1=" " ind2=" " tag="588"><subfield code="a">Latest issue consulted: 24th year, no. 31 (Aug. 2, 2001).</subfield></datafield><datafield ind1=" " ind2="0" tag="651"><subfield code="a">Bay View (Milwaukee, Wis.)</subfield><subfield code="v">Newspapers.</subfield></datafield><datafield ind1=" " ind2="0" tag="651"><subfield code="a">Milwaukee County (Wis.)</subfield><subfield code="v">Newspapers.</subfield></datafield><datafield ind1=" " ind2="7" tag="655"><subfield code="a">Newspapers.</subfield><subfield code="2">fast</subfield><subfield code="0">(OCoLC)fst01423814</subfield></datafield><datafield ind1=" " ind2="7" tag="651"><subfield code="a">Wisconsin</subfield><subfield code="z">Milwaukee</subfield><subfield code="z">Bay View.</subfield><subfield code="2">fast</subfield><subfield code="0">(OCoLC)fst01322854</subfield></datafield><datafield ind1=" " ind2="7" tag="651"><subfield code="a">Wisconsin</subfield><subfield code="z">Milwaukee County.</subfield><subfield code="2">fast</subfield><subfield code="0">(OCoLC)fst01202910</subfield></datafield><datafield ind1=" " ind2=" " tag="752"><subfield code="a">United States</subfield><subfield code="b">Wisconsin</subfield><subfield code="c">Milwaukee</subfield><subfield code="d">Bay View.</subfield></datafield><datafield ind1="4" ind2="1" tag="856"><subfield code="u">http://www.cninewsonline.com</subfield></datafield></record>